{
  "leader": "02546cam a2200409Ii 4500",
  "fields": [
    {
      "001": "ocm01474078\\"
    },
    {
      "003": "OCoLC"
    },
    {
      "005": "20220105153523.0"
    },
    {
      "008": "750724s1952\\\\\\\\nyua\\\\\\\\\\\\\\\\\\\\000\\0\\eng\\c"
    },
    {
      "010": {
        "ind1": "\\",
        "ind2": "\\",
        "subfields": [
          {
            "a": "   51013220 "
          }
        ]
      }
    },
    {
      "040": {
        "ind1": "\\",
        "ind2": "\\",
        "subfields": [
          {
            "a": "IDA"
          },
          {
            "b": "eng"
          },
          {
            "c": "IDA"
          },
          {
            "d": "TLM"
          },
          {
            "d": "OCL"
          },
          {
            "d": "OCLCQ"
          },
          {
            "d": "LVB"
          },
          {
            "d": "DRB"
          },
          {
            "d": "OCLCG"
          },
          {
            "d": "UBY"
          },
          {
            "d": "OCLCO"
          },
          {
            "d": "OCLCF"
          },
          {
            "d": "OCLCQ"
          },
          {
            "d": "OCL"
          },
          {
            "d": "PHUST"
          },
          {
            "d": "NLC"
          },
          {
            "d": "OCLCA"
          },
          {
            "d": "OCLCQ"
          },
          {
            "d": "TYC"
          },
          {
            "d": "OCLCQ"
          },
          {
            "d": "CPO"
          },
          {
            "d": "SNN"
          },
          {
            "d": "AHS"
          },
          {
            "d": "ZQC"
          },
          {
            "d": "YBM"
          },
          {
            "d": "OCLCO"
          }
        ]
      }
    },
    {
      "016": {
        "ind1": "\\",
        "ind2": "\\",
        "subfields": [
          {
            "a": "(AMICUS)000008041291"
          }
        ]
      }
    },
    {
      "019": {
        "ind1": "\\",
        "ind2": "\\",
        "subfields": [
          {
            "a": "1334676"
          },
          {
            "a": "187465542"
          },
          {
            "a": "493281863"
          },
          {
            "a": "977090064"
          },
          {
            "a": "1202022428"
          }
        ]
      }
    },
    {
      "035": {
        "ind1": "\\",
        "ind2": "\\",
        "subfields": [
          {
            "a": "(OCoLC)1474078"
          },
          {
            "z": "(OCoLC)1334676"
          },
          {
            "z": "(OCoLC)187465542"
          },
          {
            "z": "(OCoLC)493281863"
          },
          {
            "z": "(OCoLC)977090064"
          },
          {
            "z": "(OCoLC)1202022428"
          }
        ]
      }
    },
    {
      "041": {
        "ind1": "1",
        "ind2": "\\",
        "subfields": [
          {
            "a": "spa"
          },
          {
            "h": "eng"
          }
        ]
      }
    },
    {
      "043": {
        "ind1": "\\",
        "ind2": "\\",
        "subfields": [
          {
            "a": "cl-----"
          }
        ]
      }
    },
    {
      "050": {
        "ind1": "0",
        "ind2": "0",
        "subfields": [
          {
            "a": "F1408"
          },
          {
            "b": ".A735"
          }
        ]
      }
    },
    {
      "082": {
        "ind1": "0",
        "ind2": "4",
        "subfields": [
          {
            "a": "980"
          },
          {
            "b": "ARC"
          }
        ]
      }
    },
    {
      "100": {
        "ind1": "1",
        "ind2": "\\",
        "subfields": [
          {
            "a": "Arciniegas, Germa\u0301n,"
          },
          {
            "d": "1900-1999."
          }
        ]
      }
    },
    {
      "245": {
        "ind1": "1",
        "ind2": "4",
        "subfields": [
          {
            "a": "The state of Latin America /"
          },
          {
            "c": "Germa\u0301n Arciniegas, translated from the Spanish by Harriet de Oni\u0301s."
          }
        ]
      }
    },
    {
      "250": {
        "ind1": "\\",
        "ind2": "\\",
        "subfields": [
          {
            "a": "First edition."
          }
        ]
      }
    },
    {
      "260": {
        "ind1": "\\",
        "ind2": "\\",
        "subfields": [
          {
            "a": "New York :"
          },
          {
            "b": "Knopf,"
          },
          {
            "c": "1952."
          }
        ]
      }
    },
    {
      "300": {
        "ind1": "\\",
        "ind2": "\\",
        "subfields": [
          {
            "a": "xv, 416, xiv pages :"
          },
          {
            "b": "illustrations ;"
          },
          {
            "c": "22 cm"
          }
        ]
      }
    },
    {
      "336": {
        "ind1": "\\",
        "ind2": "\\",
        "subfields": [
          {
            "a": "text"
          },
          {
            "b": "txt"
          },
          {
            "2": "rdacontent"
          }
        ]
      }
    },
    {
      "337": {
        "ind1": "\\",
        "ind2": "\\",
        "subfields": [
          {
            "a": "unmediated"
          },
          {
            "b": "n"
          },
          {
            "2": "rdamedia"
          }
        ]
      }
    },
    {
      "338": {
        "ind1": "\\",
        "ind2": "\\",
        "subfields": [
          {
            "a": "volume"
          },
          {
            "b": "nc"
          },
          {
            "2": "rdacarrier"
          }
        ]
      }
    },
    {
      "504": {
        "ind1": "\\",
        "ind2": "\\",
        "subfields": [
          {
            "a": "Bibliographical footnotes."
          }
        ]
      }
    },
    {
      "505": {
        "ind1": "0",
        "ind2": "\\",
        "subfields": [
          {
            "a": "Introduction: The reason for this book -- Which way Latin America? -- Double talk -- The ego with two heads: sinister -- The ego with two heads: Dexter -- Pero\u0301n's justicialism is facism -- The military vs. Aprismo in Peru -- Venezuela, or the military in oil heaven -- Bolivia, land of tin, military, and gallows fruit -- Paraguay, land of dilemma -- Columbia, or how to destroy a democracy -- The Colombians in Korea -- Brazil: a continent within a continent -- Chile, Ecuador, Uruguay: a triangle above a void -- The Caribbean, world hurricane center-I (Nicaragua, Honduras, Dominican Republic, El Salvador, Panama) -- The Cribbean, world hurricane center-II (Costa Rica, Guatemala, Cuba, Haiti, Puerto Rico) -- Mexico, or the eagle and the serpent -- The army and the armies of Latin America -- Latin America's hopes and fears -- Visible and invisible America."
          }
        ]
      }
    },
    {
      "651": {
        "ind1": "\\",
        "ind2": "0",
        "subfields": [
          {
            "a": "Latin America."
          }
        ]
      }
    },
    {
      "651": {
        "ind1": "\\",
        "ind2": "0",
        "subfields": [
          {
            "a": "Latin America"
          },
          {
            "x": "Politics and government."
          }
        ]
      }
    },
    {
      "650": {
        "ind1": "\\",
        "ind2": "7",
        "subfields": [
          {
            "a": "Politics and government"
          },
          {
            "2": "fast"
          },
          {
            "0": "(OCoLC)fst01919741"
          }
        ]
      }
    },
    {
      "651": {
        "ind1": "\\",
        "ind2": "7",
        "subfields": [
          {
            "a": "Latin America."
          },
          {
            "2": "fast"
          },
          {
            "0": "(OCoLC)fst01245945"
          }
        ]
      }
    },
    {
      "700": {
        "ind1": "1",
        "ind2": "\\",
        "subfields": [
          {
            "a": "De Oni\u0301s, Harriet,"
          },
          {
            "d": "1899-1969,"
          },
          {
            "e": "translator."
          }
        ]
      }
    },
    {
      "776": {
        "ind1": "0",
        "ind2": "8",
        "subfields": [
          {
            "i": "Online version:"
          },
          {
            "a": "Arciniegas, Germa\u0301n, 1900-1999."
          },
          {
            "t": "State of Latin America."
          },
          {
            "b": "[1st ed.]"
          },
          {
            "d": "New York, Knopf, 1952"
          },
          {
            "w": "(OCoLC)891653860"
          }
        ]
      }
    },
    {
      "994": {
        "ind1": "\\",
        "ind2": "\\",
        "subfields": [
          {
            "a": "Z0"
          },
          {
            "b": "NYRVC"
          }
        ]
      }
    },
    {
      "948": {
        "ind1": "\\",
        "ind2": "\\",
        "subfields": [
          {
            "h": "NO HOLDINGS IN NYRVC - 528 OTHER HOLDINGS"
          }
        ]
      }
    },
    {
      "999": {
        "ind1": "\\",
        "ind2": "\\",
        "subfields": [
          {
            "a": "00000000014458"
          }
        ]
      }
    }
  ]
}